<marc:collection xmlns:marc="http://www.loc.gov/MARC21/slim" xmlns:xsi="http://www.w3.org/2001/XMLSchema-instance" xsi:schemaLocation="http://www.loc.gov/MARC21/slim http://www.loc.gov/standards/marcxml/schema/MARC21slim.xsd">
    <marc:record type="Bibliographic">
        <marc:leader>02290cem a2200445Ia 4500</marc:leader>
        <marc:controlfield tag="001">7025261</marc:controlfield>
        <marc:controlfield tag="005">20120413115602.0</marc:controlfield>
        <marc:controlfield tag="007">aj canzn</marc:controlfield>
        <marc:controlfield tag="008">040108s1903    nyudg     a     0   eng d</marc:controlfield>
        <marc:datafield tag="035" ind1=" " ind2=" ">
            <marc:subfield code="a">(OCoLC)ocm53996477</marc:subfield>
        </marc:datafield>
        <marc:datafield tag="040" ind1=" " ind2=" ">
            <marc:subfield code="a">EXW</marc:subfield>
            <marc:subfield code="c">EXW</marc:subfield>
            <marc:subfield code="d">OCLCQ</marc:subfield>
            <marc:subfield code="d">OCLCG</marc:subfield>
            <marc:subfield code="d">OCLCA</marc:subfield>
            <marc:subfield code="d">NjP</marc:subfield>
        </marc:datafield>
        <marc:datafield tag="034" ind1="1" ind2=" ">
            <marc:subfield code="a">a</marc:subfield>
            <marc:subfield code="b">190080</marc:subfield>
            <marc:subfield code="d">E0363000</marc:subfield>
            <marc:subfield code="e">E0364200</marc:subfield>
            <marc:subfield code="f">N0361800</marc:subfield>
            <marc:subfield code="g">N0360000</marc:subfield>
        </marc:datafield>
        <marc:datafield tag="034" ind1="1" ind2=" ">
            <marc:subfield code="a">a</marc:subfield>
            <marc:subfield code="b">190080</marc:subfield>
            <marc:subfield code="d">E0362700</marc:subfield>
            <marc:subfield code="e">E0363900</marc:subfield>
            <marc:subfield code="f">N0355700</marc:subfield>
            <marc:subfield code="g">N0353000</marc:subfield>
        </marc:datafield>
        <marc:datafield tag="035" ind1=" " ind2=" ">
            <marc:subfield code="a">(OCoLC)53996477</marc:subfield>
        </marc:datafield>
        <marc:datafield tag="043" ind1=" " ind2=" ">
            <marc:subfield code="a">a-sy---</marc:subfield>
        </marc:datafield>
        <marc:datafield tag="052" ind1=" " ind2=" ">
            <marc:subfield code="a">7461</marc:subfield>
        </marc:datafield>
        <marc:datafield tag="090" ind1=" " ind2=" ">
            <marc:subfield code="a">G7461.E15 1903</marc:subfield>
            <marc:subfield code="b">.O46</marc:subfield>
        </marc:datafield>
        <marc:datafield tag="100" ind1="1" ind2=" ">
            <marc:subfield code="a">Ohman, August R.</marc:subfield>
        </marc:datafield>
        <marc:datafield tag="245" ind1="1" ind2="0">
            <marc:subfield code="a">Northern Syria :</marc:subfield>
            <marc:subfield code="b">from observations and preliminary map made by Robert Garrett</marc:subfield>
            <marc:subfield code="h">[map] /</marc:subfield>
            <marc:subfield code="c">A.R. Ohman, cartographer &amp; engraver.</marc:subfield>
        </marc:datafield>
        <marc:datafield tag="246" ind1="3" ind2=" ">
            <marc:subfield code="a">Djebel il-A'la, Djebel Bārîshā, Djebel Ḥalaḳah and Djebel Shêkh Berekât</marc:subfield>
        </marc:datafield>
        <marc:datafield tag="246" ind1="3" ind2=" ">
            <marc:subfield code="a">Djebel Rîḥa or Djebel iz-Zâwiyeh</marc:subfield>
        </marc:datafield>
        <marc:datafield tag="255" ind1=" " ind2=" ">
            <marc:subfield code="a">Scale 1:190,080</marc:subfield>
            <marc:subfield code="c">(E 36°30ʹ--E 36°42ʹ/N 36°18ʹ--N 36°00ʹ).</marc:subfield>
        </marc:datafield>
        <marc:datafield tag="255" ind1=" " ind2=" ">
            <marc:subfield code="a">Scale 1:190,080</marc:subfield>
            <marc:subfield code="c">(E 36°27ʹ--E 36°39ʹ/N 35°57ʹ--N 35°30ʹ).</marc:subfield>
        </marc:datafield>
        <marc:datafield tag="260" ind1=" " ind2=" ">
            <marc:subfield code="a">New York :</marc:subfield>
            <marc:subfield code="b">A.R. Ohman,</marc:subfield>
            <marc:subfield code="c">1903.</marc:subfield>
        </marc:datafield>
        <marc:datafield tag="300" ind1=" " ind2=" ">
            <marc:subfield code="a">2 maps on 1 sheet :</marc:subfield>
            <marc:subfield code="b">col. ;</marc:subfield>
            <marc:subfield code="c">each 25 x 21 cm. on sheet 36 x 56 cm.</marc:subfield>
        </marc:datafield>
        <marc:datafield tag="500" ind1=" " ind2=" ">
            <marc:subfield code="a">Relief shown by hachures and spot heights.</marc:subfield>
        </marc:datafield>
        <marc:datafield tag="500" ind1=" " ind2=" ">
            <marc:subfield code="a">Shows route of the American Archaeological Expedition to Syria, 1899-1900, ruins, places visited or seen by members of the expedition, and places not seen, but noted on Kiepert's map published in Oppenheim's "Vom Mittelmeere zum Perischen Golf," 1899.</marc:subfield>
        </marc:datafield>
        <marc:datafield tag="505" ind1="0" ind2=" ">
            <marc:subfield code="a">I. Djebel il-A'la, Djebel Bārîshā, Djebel Ḥalaḳah and Djebel Shêkh Berekât -- II. Djebel Rîḥa or Djkebel iz-Zâwiyeh.</marc:subfield>
        </marc:datafield>
        <marc:datafield tag="600" ind1="1" ind2="0">
            <marc:subfield code="a">Garrett, Robert,</marc:subfield>
            <marc:subfield code="d">1875-1961.</marc:subfield>
        </marc:datafield>
        <marc:datafield tag="600" ind1="1" ind2="0">
            <marc:subfield code="a">Kiepert, Richard,</marc:subfield>
            <marc:subfield code="d">1846-1915.</marc:subfield>
        </marc:datafield>
        <marc:datafield tag="600" ind1="1" ind2="0">
            <marc:subfield code="a">Oppenheim, Max,</marc:subfield>
            <marc:subfield code="c">Freiherr von,</marc:subfield>
            <marc:subfield code="d">1860-1946.</marc:subfield>
            <marc:subfield code="t">Vom Mittelmeer zum Persischen Golf durch den Haurän, die Syrische Wüste und Mesopotamien.</marc:subfield>
        </marc:datafield>
        <marc:datafield tag="611" ind1="2" ind2="0">
            <marc:subfield code="a">American Archaeological Expedition to Syria</marc:subfield>
            <marc:subfield code="d">(1899-1900)</marc:subfield>
            <marc:subfield code="v">Maps.</marc:subfield>
        </marc:datafield>
        <marc:datafield tag="650" ind1=" " ind2="0">
            <marc:subfield code="a">Archaeological expeditions</marc:subfield>
            <marc:subfield code="z">Syria</marc:subfield>
            <marc:subfield code="v">Maps.</marc:subfield>
        </marc:datafield>
        <marc:datafield tag="650" ind1=" " ind2="0">
            <marc:subfield code="a">Mountains</marc:subfield>
            <marc:subfield code="z">Syria</marc:subfield>
            <marc:subfield code="v">Maps.</marc:subfield>
        </marc:datafield>
        <marc:datafield tag="651" ind1=" " ind2="0">
            <marc:subfield code="a">Syria</marc:subfield>
            <marc:subfield code="x">Antiquities</marc:subfield>
            <marc:subfield code="v">Maps.</marc:subfield>
        </marc:datafield>
        <marc:datafield tag="655" ind1=" " ind2="7">
            <marc:subfield code="a">Maps</marc:subfield>
            <marc:subfield code="z">Syria</marc:subfield>
            <marc:subfield code="y">1903.</marc:subfield>
            <marc:subfield code="2">aat</marc:subfield>
        </marc:datafield>
        <marc:datafield tag="700" ind1="1" ind2=" ">
            <marc:subfield code="a">Garrett, Robert,</marc:subfield>
            <marc:subfield code="d">1875-1961.</marc:subfield>
        </marc:datafield>
        <marc:datafield tag="856" ind1="4" ind2="1">
            <marc:subfield code="z">See the map</marc:subfield>
            <marc:subfield code="u">http://gisserver.princeton.edu/map/26715</marc:subfield>
        </marc:datafield>
        <marc:datafield tag="904" ind1=" " ind2=" ">
            <marc:subfield code="a">gls</marc:subfield>
            <marc:subfield code="b">g</marc:subfield>
            <marc:subfield code="h">m</marc:subfield>
            <marc:subfield code="c">p</marc:subfield>
            <marc:subfield code="e">20120327</marc:subfield>
        </marc:datafield>
        <marc:datafield tag="902" ind1=" " ind2=" ">
            <marc:subfield code="a">gls</marc:subfield>
            <marc:subfield code="b">m</marc:subfield>
            <marc:subfield code="6">e</marc:subfield>
            <marc:subfield code="7">m</marc:subfield>
            <marc:subfield code="d">v</marc:subfield>
            <marc:subfield code="f">1</marc:subfield>
            <marc:subfield code="e">20120327</marc:subfield>
        </marc:datafield>
    </marc:record>
    <marc:record type="Holdings">
        <marc:leader>00172nx  a22000851  4500</marc:leader>
        <marc:controlfield tag="001">6910819</marc:controlfield>
        <marc:controlfield tag="004">7025261</marc:controlfield>
        <marc:controlfield tag="005">20120327121533.0</marc:controlfield>
        <marc:controlfield tag="008">1203274u    8   1001uu   0901128</marc:controlfield>
        <marc:datafield tag="852" ind1="0" ind2=" ">
            <marc:subfield code="b">map</marc:subfield>
            <marc:subfield code="h">hmc01.2645</marc:subfield>
        </marc:datafield>
    </marc:record>
</marc:collection>
